<record><leader>00000cas a22000007a 4500</leader><controlfield tag="001">17500057</controlfield><controlfield tag="008">880218d19411970lauwr ne      0    0eng d</controlfield><datafield ind1=" " ind2=" " tag="010"><subfield code="a">sn 88064126 </subfield></datafield><datafield ind1=" " ind2=" " tag="040"><subfield code="a">LNP</subfield><subfield code="b">eng</subfield><subfield code="c">LNP</subfield><subfield code="d">OCLCQ</subfield><subfield code="d">OCLCF</subfield><subfield code="d">OCLCO</subfield></datafield><datafield ind1="1" ind2=" " tag="029"><subfield code="a">AU@</subfield><subfield code="b">000025824236</subfield></datafield><datafield ind1=" " ind2=" " tag="042"><subfield code="a">msc</subfield></datafield><datafield ind1=" " ind2=" " tag="043"><subfield code="a">n-us-la</subfield></datafield><datafield ind1="0" ind2="4" tag="245"><subfield code="a">The Terrebonne press.</subfield></datafield><datafield ind1=" " ind2=" " tag="260"><subfield code="a">Houma, La. :</subfield><subfield code="b">Samuel H. Ballard</subfield></datafield><datafield ind1=" " ind2=" " tag="310"><subfield code="a">Weekly</subfield></datafield><datafield ind1="1" ind2=" " tag="362"><subfield code="a">Began with Feb. 14, 1941 issue?</subfield></datafield><datafield ind1="0" ind2=" " tag="362"><subfield code="a">-v. 30, no. 27 (Sept. 8, 1970).</subfield></datafield><datafield ind1=" " ind2=" " tag="588"><subfield code="a">Description based on: Vol. 1, no. 2 (Feb. 21, 1941).</subfield></datafield><datafield ind1=" " ind2="0" tag="651"><subfield code="a">Houma (La.)</subfield><subfield code="v">Newspapers.</subfield></datafield><datafield ind1=" " ind2="7" tag="655"><subfield code="a">Newspapers.</subfield><subfield code="2">fast</subfield><subfield code="0">(OCoLC)fst01423814</subfield></datafield><datafield ind1=" " ind2="7" tag="651"><subfield code="a">Louisiana</subfield><subfield code="z">Houma.</subfield><subfield code="2">fast</subfield><subfield code="0">(OCoLC)fst01218915</subfield></datafield><datafield ind1=" " ind2=" " tag="752"><subfield code="a">United States</subfield><subfield code="b">Louisiana</subfield><subfield code="c">Terrebonne</subfield><subfield code="d">Houma.</subfield></datafield><datafield ind1="0" ind2="7" tag="785"><subfield code="t">Houma courier (Houma, La. : 1943)</subfield><subfield code="w">(DLC)sn 88064124</subfield></datafield><datafield ind1="0" ind2="7" tag="785"><subfield code="t">Houma daily courier and the Terrebonne press</subfield><subfield code="w">(DLC)sn 82015043</subfield></datafield></record>